@article{friston2010free,
  title={The free-energy principle: a unified brain theory?},
  author={Friston, Karl},
  journal={Nature Reviews Neuroscience},
  volume={11},
  number={2},
  pages={127--138},
  year={2010},
  publisher={Nature Publishing Group}
}

@article{friston2006free,
  title={A free energy principle for the brain},
  author={Friston, Karl and Kilner, James and Harrison, Lee},
  journal={Journal of Physiology-Paris},
  volume={100},
  number={1-3},
  pages={70--87},
  year={2006},
  publisher={Elsevier}
}

@article{friston2010action,
  title={Action and behavior: a free-energy formulation},
  author={Friston, Karl J and Daunizeau, Jean and Kilner, James and Kiebel, Stefan J},
  journal={Biological Cybernetics},
  volume={102},
  number={3},
  pages={227--260},
  year={2010},
  publisher={Springer}
}

@article{parr2019generalised,
  title={Generalised free energy and active inference},
  author={Parr, Thomas and Friston, Karl J},
  journal={Biological Cybernetics},
  volume={113},
  number={5},
  pages={495--513},
  year={2019},
  publisher={Springer}
}

@book{hohwy2013predictive,
  title={The predictive mind},
  author={Hohwy, Jakob},
  year={2013},
  publisher={Oxford University Press}
}

@incollection{seth2014cybernetic,
  title={The cybernetic Bayesian brain: from interoceptive inference to sensorimotor contingencies},
  author={Seth, Anil K},
  booktitle={Open MIND},
  publisher={MIND Group},
  year={2014}
}

@article{colombo2018first,
  title={First principles in the life sciences: the free-energy principle, organicism, and mechanism},
  author={Colombo, Matteo and Wright, Cory},
  journal={Synthese},
  pages={1--26},
  year={2018},
  publisher={Springer}
}

@article{bruineberg2018anticipating,
  title={The anticipating brain is not a scientist: the free-energy principle from an ecological-enactive perspective},
  author={Bruineberg, Jelle and Kiverstein, Julian and Rietveld, Erik},
  journal={Synthese},
  volume={195},
  number={6},
  pages={2417--2444},
  year={2018},
  publisher={Springer}
}

@article{clark2013whatever,
  title={Whatever next? Predictive brains, situated agents, and the future of cognitive science},
  author={Clark, Andy},
  journal={Behavioral and Brain Sciences},
  volume={36},
  number={3},
  pages={181--204},
  year={2013},
  publisher={Cambridge University Press}
}

@article{bogacz2017tutorial,
  title={A tutorial on the free-energy framework for modelling perception and learning},
  author={Bogacz, Rafal},
  journal={Journal of Mathematical Psychology},
  volume={76},
  pages={198--211},
  year={2017},
  publisher={Elsevier}
} 